@manual{anleitung,
	author = {Eibisch, Paul},
	institution = {Physikalisches Institut, Goethe-Universit{\"a}t Frankfurt},
	month = jul,
	title = {Magnetische Kernresonanz},
	year = {2018}
}

