@article{anleitung,
	author = {Gruszka, Peter},
	institution = {Physikalisches Institut der Johann Wolfgang Goethe-Universit{\"a}t Frankfurt am Main},
	month = oct,
	title = {Anleitung zum Fortgeschrittenen-Praktikum-Versuch Hall-Effekt},
	year = {2016}
}

