@comment{x-kbibtex-personnameformatting=<%l><, %f>}

@manual{grundlagen,
	author = "Stelzer, K.",
	booktitle = "{Eine Zusammenfassung zum Gebrauch im Praktikum f{\"u}r Fortgeschrittene}",
	institution = "Institut f{\"u}r Kernphysik der Johann Wolfgang Goethe-Universit{\"a}t Frankfurt am Main",
	month = may,
	title = "{Grundlagen der Gamma-Spektroskopie}",
	year = "1993"
}

@manual{versuch,
	author = "Stelzer, K.",
	booktitle = "{Gamma-Gamma-Winkelkorrelationen und Koinzidenztechnik}",
	institution = "Institut f{\"u}r Kernphysik der Johanna Wolfgang Goethe-Universit{\"a}t Frankfurt am Main",
	month = jun,
	title = "{Versuch Nr. 16}",
	year = "1993"
}

@misc{Na22,
	title={SemiByte},
	howpublished={\url{http://www.semibyte.de/wp/graphicslibrary/gl-physics/termschemata-natrium/}},
	note={Accessed: 2018-05-04}
	}
	
@misc{Co60,
	title={SemiByte},
	howpublished={\url{http://www.semibyte.de/wp/graphicslibrary/gl-physics/termschemata-cobalt/}},
	note={Accessed: 2018-05-04}
	}
	
@misc{PMT,
	title={Modern Lab Experiments Documentation},
	howpublished={\url{http://wanda.fiu.edu/teaching/courses/Modern_lab_manual/scintillator.html}},
	note={Accessed: 2018-05-04}
	}
