@manual{manual1,
	author = {Black, Eric D.},
	institution = {California Institute of Technology},
	month = oct,
	title = {Optical Pumping},
	year = {2011}
}

@article{manual2,
	author = {Benumof, Reuben},
	institution = {Staten Island Community College},
	month = nov,
	pages = {151--160},
	title = {Optical Pumping Theory and Experiments},
	year = {1963}
}

@article{manual3,
	author = {de Zafra, Robert L.},
	institution = {University of Pennsylvania},
	journal = {American Association of Physics Teachers},
	location = {Philadelphia},
	month = apr,
	pages = {646--654},
	title = {Optical Pumping},
	volume = {28},
	year = {1960}
}

@misc{levels,
	author = {Phillips, David Forrest},
	howpublished = {"\url{https://www.cfa.harvard.edu/~dphil/work/rbmaser/rb87level.html}"},
	month = jul,
	title = {Rubidium 87 Ground and First Excited State Structure},
	year = {2018}
}

