@manual{anleitung,
	author = {Gruszka, Peter},
	institution = {Physikalisches Institut der Johann Wolfgang Goethe-Universit{\"a}t Frankfurt am Main},
	month = oct,
	title = {Anleitung zum Fortgeschrittenen-Praktikum-Versuch Hall-Effekt},
	year = {2016}
}

@misc{Leitung,
	author = {Cepheiden},
	howpublished = {\url{https://de.wikipedia.org/wiki/Datei:Bereiche_der_Leitungsmechanismen_im_Halbleiter_DE.svg}},
	note = {[Online; accessed 03-June-2018]},
	title = {{Datei:Bereiche der Leitungsmechanismen im Halbleiter DE.svg} --- {W}ikipedia{,} The Free Encyclopedia},
	year = {2018}
}

@book{Hofmann,
	author = {Hofmann, P.},
	isbn = {9783527412266},
	publisher = {Wiley VCH Verlag GmbH},
	series = {Lehrbuch Physik},
	title = {Einf{\"u}hrung in die Festk{\"o}rperphysik},
	url = {https://books.google.de/books?id=ptHmlgEACAAJ},
	year = {2013}
}

