@article{anleitung,
	author = {Tiedemann, Dirk and Stiebing, Kurt Ernst and Stelzer, Klaus},
	month = sep,
	title = {Nachweis schneller Neutronen},
	year = {2014}
}

@misc{americium,
	author = {Wikipedia},
	howpublished = {\url{http://en.wikipedia.org/w/index.php?title=Americium-241&oldid=840223794}},
	note = {[Online; accessed 20-May-2018]},
	title = {{Americium-241} --- {W}ikipedia{,} The Free Encyclopedia},
	year = {2018}
}

@misc{na22,
	author = {Kr{\"a}hling, Tobias},
	howpublished = {\url{http://www.semibyte.de/wp/graphicslibrary/gl-physics/termschemata-natrium/}},
	note = {Accessed: 2018-05-04},
	title = {SemiByte},
	year = {2018}
}

