@manual{anleitung,
	author = {Neve, Sven and Arend, Andreas},
	institution = {Institut f{\"u}r Kernphysik der Johann Wolfgang Goethe-Universit{\"a}t Frankfurt am Main},
	month = jun,
	title = {Rutherford-Backscattering},
	year = {2016}
}

@misc{van_de_graaff,
	author = {Wikipedia},
	howpublished = {\url{http://de.wikipedia.org/w/index.php?title=Datei\%3ASchematik\%20van\%20de\%20graaff\%20beschleuniger.png&oldid=87040938}},
	note = {[Online; accessed 03-June-2018]},
	title = {{Datei:Schematik van de graaff beschleuniger.png} --- {W}ikipedia{,} The Free Encyclopedia},
	year = {2018}
}

@article{PhysRevA.48.2070,
	author = {{\ifmmode \check{S}\else {\v S}\fi{}mit}, \ifmmode \check{Z}\else {\v Z}\fi{}.},
	doi = {10.1103/PhysRevA.48.2070},
	issue = {3},
	journal = {Phys. Rev. A},
	month = {Sep},
	numpages = {0},
	pages = {2070--2076},
	publisher = {American Physical Society},
	title = {Rutherford backscattering from a thick target},
	url = {https://link.aps.org/doi/10.1103/PhysRevA.48.2070},
	volume = {48},
	year = {1993}
}

